:20:20260326-21866917
:25:BG42STSA93000021866917
:28C:060/01
:60F:C260326EUR111214,44
:61:2603260326CR15,60NTRF000001//67029981300789
TC15-TSC0
:NS:190651+
:86:020+15+
20КЛ.6000041070+
21+
2226032026 06:51+
28+
30+
31BG33STSA93001527357519+
32ПК ЗОРА+
33
:61:2603260326CR642,89NTRF000002//67009992001977
TC14-TSC74
:NS:190745+
:86:020+14+
20Ф РА 1100084087.17.03.2026 КЛИ+
21ЕНТСКИ НОМЕР 6000008867       +
2226032026 07:45+
28ISI2603260001510+
30+
31BG93UBBS81551005623746+
32ПП КООПЕРАЦИЯ ПЧЕЛА-95 КООП+
33-Я
:61:2603260326CR1445,57NTRF000003//67009992002538
TC14-TSC74
:NS:190819+
:86:020+14+
20Ф.1100102196/19.03.2026Г КЛ.НО+
21МЕР 6000024850                +
2226032026 08:19+
28ISI2603260002067+
30+
31BG92BPBI81701601481120+
32ARTISTIKO EOOD+
33
:61:2603260326CR573,76NTRF000004//67029970000022
TC15-TSC0
:NS:190830+
:86:020+15+
20ФРА1100086677 17032026        +
21/+
2226032026 08:30+
28+
30+
31BG12STSA93000000521443+
32ЗК СЪГЛАСИЕ+
33
:61:2603260326CR1684,76NTRF000005//67029981302279
TC15-TSC0
:NS:190853+
:86:020+15+
20Ф-РА 1100082857 ОТ 17.03.2026Г+
21+
2226032026 08:53+
28+
30+
31BG33STSA93000001981012+
32ПК ДРУЖБА С.ВЕТРИНО+
33
:61:2603260326CR134,84NTRF000006//67009992003729
TC14-TSC74
:NS:190855+
:86:020+14+
20Ф-РА N 1100076368 ОТ 17.03.202+
216                             +
2226032026 08:55+
28ISI2603260002990+
30+
31BG32CECB97901084757300+
32АЛЕКСАНДРОВИ ООД+
33
:61:2603260326CR30316,90NTRF000007//297297009901201
TC14-TSC74
:NS:190900+
:86:020+14+
20Плащания до 24.03.2026 23:59:5+
219+
2226032026 09:00+
28+
30+
31BG20ESPY40040011131892+
32Ипей АД+
33
:61:2603260326CR153,38NTRF000008//297297009902014
TC14-TSC74
:NS:190900+
:86:020+14+
20ПО Ф-РА   1100085769   17.03.2+
21026 Клиент :  6000012597+
2226032026 09:00+
28+
30+
31BG73UNCR76301009035606+
32ТОТЕХ ЕООД+
33
:61:2603260326CR939,23NTRF000009//67009992003923
TC14-TSC74
:NS:190901+
:86:020+14+
20Ф.1100095653                  +
21                              +
2226032026 09:01+
28ISI2603260003160+
30+
31BG24UNCR76301029897987+
32ЕКИП ООД+
33
:61:2603260326CR1791,52NTRF000010//297297009902753
TC14-TSC74
:NS:190900+
:86:020+14+
20Ф-РА 1100105941/20.03.2026КЛ.Н+
21.6000025053+
2226032026 09:00+
28+
30+
31BG55UBBS81551062085511+
32ТОПРЕС БЪЛГАРИЯ АД+
33
:61:2603260326CR779,83NTRF000011//67009992004194
TC14-TSC74
:NS:190907+
:86:020+14+
20FAKT.1100085524               +
21                              +
2226032026 09:07+
28ISI2603260003395+
30+
31BG63UBBS81551064350511+
32ТРЕЙД ЕКСПРЕС-Л ООД+
33
:61:2603260326CR1704,82NTRF000012//67029981302946
TC15-TSC0
:NS:190912+
:86:020+15+
20Ф.1100105638/20.03.26         +
21ДИ 1100102293/19.03.26+
2226032026 09:12+
28+
30+
31BG94STSA93001506068122+
32РОЛЕС АД+
33
:61:2603260326CR38,42NTRF000013//67009992004414
TC14-TSC74
:NS:190914+
:86:020+14+
20ФАКТУРА ЕНЕРГО-ПРО.           +
21                Ф.1100077311/1+
2226032026 09:14+
287.03.2026+
30+
31BG80CECB979010G5858200+
32ЧИТАЛИЩЕ .ПРОСВЕЩЕНИЕ-1897.+
33
:61:2603260326CR168,00NTRF000014//67009992004578
TC14-TSC74
:NS:190918+
:86:020+14+
20ФАКТУРА N1100081053 ЗА МАРТ ЕЛ+
21 ЕНЕРГИЯ                      +
2226032026 09:18+
28ISI2603260003739+
30+
31BG79UBBS85011014703510+
32КООПЕРАЦИЯ ОВЧАРОВО+
33
:61:2603260326CR67,56NTRF000015//67029981303513
TC15-TSC0
:NS:190926+
:86:020+15+
20ФАКТУРА НОМЕР: 0417198256     +
21КЛИЕНТСКИ НОМЕР: 6000029355+
2226032026 09:26+
28+
30+
31BG24STSA93000022623647+
32ЛТМ КЛИМА ЕООД+
33
:61:2603260326CR611,89NTRF000016//67029970000231
TC15-TSC21
:NS:190928+
:86:020+15+
20ЕЛ.ЕНЕРГИЯ М 02 2026          +
21ОТ ФАКТУРА 1100097082/17.03.20+
2226032026 09:28+
28+
30+
31BG83STSA93003176404440+
32ДГ МЛАДОСТ+
33
:61:2603260326CR60,04NTRF000017//67009992005095
TC14-TSC74
:NS:190932+
:86:020+14+
20Ф 1100087194.17.03.2026       +
21                              +
2226032026 09:32+
28ISI2603260004226+
30+
31BG46UBBS81411010199313+
32СИМ МИНКА ИВАНОВА ЕТ+
33
:61:2603260326CR6604,38NTRF000018//67029981303820
TC15-TSC0
:NS:190934+
:86:020+15+
20Ф-РА 1100104440/19.03         +
21КЛ.6000021472+
2226032026 09:34+
28+
30+
31BG36STSA93000020778588+
32КУПРО ЕМАЙЛ ЕООД+
33
:61:2603260326CR9,20NTRF000019//67009992005373
TC14-TSC74
:NS:190939+
:86:020+14+
20РАЗХОДИ ПО ИЗКУПУВАНЕ НА ЕЛ.ЕН+
21ЕРГИЯ МЕСЕЧНА ТАКСА ЗА ОБСЛУЖВ+
2226032026 09:39+
28АНЕ 6000058134+
30+
31BG57UBBS80021028334450+
32ДАНЕВ ЕООД+
33
:61:2603260326CR1238,76NTRF000020//67009992006185
TC14-TSC74
:NS:190958+
:86:020+14+
20Ф-РА 1100093095 19.03.26 КЛ.Н.+
21  6000003182                  +
2226032026 09:58+
28ISI2603260005258+
30+
31BG25UNCR70001506995791+
32ФИДУС ООД+
33
:61:2603260326CR1730581,67NTRF000021//297297009902824
TC14-TSC74
:NS:190959+
:86:020+14+
201100036563,1100036738,11000367+
2141,1100038983,1100038984,11000+
2226032026 09:59+
28+
30+
31BG12UNCR96601426083600+
32КРОНОШПАН БЪЛГАРИЯ ЕООД+
33
:61:2603260326CR100,01NTRF000022//297297009902956
TC14-TSC74
:NS:190959+
:86:020+14+
20по ф 11000776996 17.03+
21+
2226032026 09:59+
28+
30+
31BG33BUIN95611000568301+
32VAZRAZHDANE VET 81 OOD+
33
:61:2603260326CR189,19NTRF000023//297297009903066
TC14-TSC37
:NS:190959+
:86:020+14+
20Еленергия+
21+
2200SLEV 000 842283 26032026 09:59+
28+
30+
31BG39BPBI79383162564300+
32NACHALNO UCHILISHTE HRISTO +
33BOTEV UC
:61:2603260326CR252,38NTRF000024//297297009903121
TC14-TSC74
:NS:190959+
:86:020+14+
20КЛ.НОМЕР 600015537/ФАКТУРА 600+
2100155370000+
2226032026 09:59+
28+
30+
31BG27PRCB92301015867328+
32ШЕНЕЛ ТАХИРОВА ХАКЪЕВА+
33
:61:2603260326CR310,41NTRF000025//297297009903130
TC14-TSC74
:NS:190959+
:86:020+14+
20ДИ 1100103608/19.3.26-177,40 Ф+
21.1100105798/20.3.26-133,01+
2226032026 09:59+
28+
30+
31BG83PRCB92301045720010+
32ДАНИМПЕКС ЕООД+
33
:61:2603260326CR1,02NTRF000026//297297009903753
TC14-TSC74
:NS:190959+
:86:020+14+
201100039368 и ЕЛС 4000012361/25+
21.03.2+
2226032026 09:59+
28+
30+
31BG76BUIN70141030002917+
32FURAZHI OOD+
33
:61:2603260326CR415,28NTRF000027//67009992006696
TC14-TSC74
:NS:191010+
:86:020+14+
20КЛ.  6000016582, Ф-РА  1100077+
21143 17.03.2026                +
2226032026 10:10+
28ISI2603260005739+
30+
31BG69UNCR75271064467010+
32НАРОДНО ЧИТАЛИЩЕ НАПРЕДЪК -+
33 1903
:61:2603260326DR27640,00NTRF000028//67029980003007
TC65-TSC0
:NS:191012+
:86:020+65+
20ПРЕХВЪРЛЯНЕ НА СРЕДСТВА+
21+
2226032026 10:12+
28+
30+
31BG04STSA93000021866922+
32ЕНЕРГО-ПРО ЕНЕРГИЙНИ УСЛУГИ+
33 ЕАД
:61:2603260326CR2721,59NTRF000029//67009992006900
TC14-TSC74
:NS:191014+
:86:020+14+
20Ф-РА 1100103384/19.03.2026    +
21                              +
2226032026 10:14+
28ISI2603260005920+
30+
31BG20BPBI79461060427101+
32SD WADAYO-STOYANOV I CO+
33
:61:2603260326CR24538,82NTRF000030//67029981306064
TC15-TSC0
:NS:191021+
:86:020+15+
20ФРА 1100102781/19,03,2026     +
21КЛ 60000209530000+
2226032026 10:21+
28+
30+
31BG90STSA93000027095711+
32УСПЕХ ФИЛТЪР ССБ ЕООД+
33
:61:2603260326CR88,87NTRF000031//67009992007201
TC14-TSC74
:NS:191021+
:86:020+14+
201100084124/17.03.2026         +
21                              +
2226032026 10:21+
28ISI2603260006215+
30+
31BG24BPBI79211072645501+
32PRIMAKO EOOD+
33
:61:2603260326CR104,84NTRF000032//67009992007260
TC14-TSC74
:NS:191022+
:86:020+14+
20Ф-РА 1100084135 КЛ.НОМЕР 60000+
2105956                         +
2226032026 10:22+
28ISI2603260006267+
30+
31BG71UNCR96601018046218+
32ПСИТ ГАРАНТ ООД+
33
:61:2603260326CR3,06NTRF000033//67029981306673
TC15-TSC0
:NS:191033+
:86:020+15+
20К.Н. 6000025224, ДИ 1100104409+
211.44, Ф.1100105673-1.62 ЕВРО+
2226032026 10:33+
28+
30+
31BG66STSA93000019199179+
32ВСК КЕНТАВЪР-ИЗ ДИНАМИКА ОО+
33Д
:61:2603260326CR1242,92NTRF000034//67009992007733
TC14-TSC74
:NS:191034+
:86:020+14+
20ПО ФАКТУРА 1100080969.17.03.20+
2126                            +
2226032026 10:34+
28ISI2603260006711+
30+
31BG83UBBS88881000280169+
32МИЛККОММ ООД+
33
:61:2603260326CR128,05NTRF000035//67009992007970
TC14-TSC74
:NS:191038+
:86:020+14+
20Ф-РА 1100098276               +
21                              +
2226032026 10:38+
28ISI2603260006918+
30+
31BG49BPBI81701604953621+
32VELIMEKS INDUSTRIAL GRUP LT+
33D
:61:2603260326CR486,44NTRF000036//67029981307669
TC15-TSC0
:NS:191053+
:86:020+15+
20Ф-РА 1100081250/17.03.2026+
21+
2226032026 10:53+
28+
30+
31BG78STSA93001528024457+
32ИВА ПЛОД ООД+
33
:61:2603260326CR495,65NTRF000037//67351016800018
TC15-TSC0
:NS:191057+
:86:020+15+
20КЛ Н 6000002463               +
21                              +
2226032026 10:57+
28827219300+
30+
31BG89STSA93000023944199+
32РПС РУСЕ ПЪБЛИК СЪРВИСИЗ ЕО+
33ОД
:61:2603260326CR355,16NTRF000038//67009992009085
TC14-TSC74
:NS:191057+
:86:020+14+
20Ф.1100105227 И 4000009052     +
21                              +
2226032026 10:57+
28ISI2603260007643+
30+
31BG23UBBS81551009109925+
32БОСТИК БЪЛГАРИЯ ЕООД+
33
:61:2603260326CR7824,72NTRF000039//297297009907946
TC14-TSC74
:NS:191058+
:86:020+14+
201100104211 1100105695+
21+
2226032026 10:58+
28+
30+
31BG39UBBS78221010728103+
32ХИТ ООД+
33
:61:2603260326CR120,95NTRF000040//67009992009365
TC14-TSC74
:NS:191101+
:86:020+14+
20КЛИЕНТСКИ НОМЕР 6000020234 БУЛ+
21СТАТ 103098342 НОМЕР ФАКТУРА 1+
2226032026 11:01+
28100080073 17.03.26Г+
30+
31BG24CECB979010D2042001+
32ДАФИНКА ДИМИТРОВА ХРИСТОВА+
33
:61:2603260326CR1092,70NTRF000041//67009992009407
TC14-TSC74
:NS:191102+
:86:020+14+
20CINV 1100082753 2026 03 26 (Cc+
21y  quot EUR quot )1092.7  INV +
2226032026 11:02+
28ISW2603260000688+
30+
31BG70BNPA94401020085410+
32METSO BULGARIA EOOD+
33
:61:2603260326CR13730,86NTRF000042//67009992010082
TC14-TSC74
:NS:191111+
:86:020+14+
201100103398                    +
21                              +
2226032026 11:11+
28ISI2603260008262+
30+
31BG92UNCR76301076918871+
32ВАКОМ МП ООД+
33
:61:2603260326CR26,40NTRF000043//67009992010412
TC14-TSC74
:NS:191117+
:86:020+14+
20Ф - 1100086691 . 17.03.2026 КЛ+
21.6000003686                   +
2226032026 11:17+
28ISI2603260008457+
30+
31BG57UBBS81551005455323+
32РУМЕН ЛАМБЕВ ИВАНОВ+
33
:61:2603260326CR619,68NTRF000044//67009992012444
TC14-TSC74
:NS:191146+
:86:020+14+
20КЛ.НОМ.6000010168 ,  Ф. 110008+
214411                          +
2226032026 11:46+
28ISI2603260009712+
30+
31BG13PRCB92301025931912+
32РУБИКОН ООД+
33
:61:2603260326CR1805,21NTRF000045//67009992012466
TC14-TSC74
:NS:191147+
:86:020+14+
20КРЕДИТНО ИЗВЕСТИЕ 1100103644 Ф+
21 1100105516                   +
2226032026 11:47+
28ISI2603260009728+
30+
31BG10BPBI79291052073601+
32VAS LTD+
33
:61:2603260326CR9,20NTRF000046//67029981310647
TC15-TSC0
:NS:191148+
:86:020+15+
20Ф-РА:1100106186, ДАТА:25.03.26+
21+
2226032026 11:48+
28+
30+
31BG30STSA93000027241418+
32БИ ЕЙЧ БИ КОМЕРС ЕООД+
33
:61:2603260326CR9,20NTRF000047//67029981310718
TC15-TSC0
:NS:191150+
:86:020+15+
20Ф-РА:1100106194, ДАТА:25.03.26+
21+
2226032026 11:50+
28+
30+
31BG30STSA93000027241418+
32БИ ЕЙЧ БИ КОМЕРС ЕООД+
33
:61:2603260326CR5848,45NTRF000048//297297009909851
TC14-TSC74
:NS:191158+
:86:020+14+
20ф 1100103473 19,03,2026г клиен+
21тски номер 6000025152+
2226032026 11:58+
28+
30+
31BG57UNCR70001520823147+
32ЛАГУНА ТРАВЕЛ ООД+
33
:61:2603260326CR14107,32NTRF000049//297297009912803
TC14-TSC74
:NS:191158+
:86:020+14+
20Ф.105985/20.03.2026+
21+
2226032026 11:58+
28+
30+
31BG20UBBS88881000856125+
32АЛФРИДА ПЕЕВ ЕООД+
33
:61:2603260326CR15,13NTRF000050//297297009915827
TC14-TSC74
:NS:191159+
:86:020+14+
20ПО Ф-РА  1100105760-7,88ПО ДЕБ+
21ИТНО 1100103006-7,25+
2226032026 11:59+
28+
30+
31BG92BGUS91601008315600+
32ХЕПИДЕЙ - А ЕООД+
33
:61:2603260326CR2446,82NTRF000051//297297009915824
TC14-TSC74
:NS:191159+
:86:020+14+
20ПО ДЕБ,1100103034 103023 10303+
215ПО Ф-РИ 1100105768 809 785 70+
2226032026 11:59+
28+
30+
31BG83BGUS91601008699300+
32ДИКАРИЕР ЕООД+
33
:61:2603260326CR427,90NTRF000052//67029981311463
TC15-TSC0
:NS:191206+
:86:020+15+
20Ф-РА 1100083436/17.03.2026    +
21ЕЛ.ЕНЕРГИЯ+
2226032026 12:06+
28+
30+
31BG15STSA93000022820525+
32НЧ ПРОБУДА-1924 ПЛАЧКОВЦИ+
33
:61:2603260326CR1390,40NTRF000053//67029981311511
TC15-TSC0
:NS:191208+
:86:020+15+
20Ф-РА 1100092057+
21+
2226032026 12:08+
28+
30+
31BG81STSA93001528828727+
32СИНАНОВ РС ЕООД+
33
:61:2603260326CR239,99NTRF000054//67029981311604
TC15-TSC0
:NS:191209+
:86:020+15+
20Ф-РА 1100080712/17.03.2026Г.  +
21КЛ. НОМЕР 6000029160+
2226032026 12:09+
28+
30+
31BG04STSA93000003636936+
32ЕТ ТИМБО-ТОДОРКА СТЕФАНОВА +
33ДРЯНОВО
:61:2603260326CR319,48NTRF000055//67029981311866
TC15-TSC21
:NS:191215+
:86:020+15+
20Ф-РА 1100105010/20.03.2026    +
21ЕЛ. ЕНЕРГИЯ+
2226032026 12:15+
28+
30+
31BG83STSA93003130921528+
32ДГ ЗВЕЗДИЦА+
33
:61:2603260326CR61,64NTRF000056//67029982300388
TC15-TSC0
:NS:191220+
:86:020+15+
20ФАКТУРА МЕСЕЦ 02.2026Г.       +
21НОМЕР НА ФАКТУРА 1100096811+
2226032026 12:20+
28+
30+
31BG04STSA93000032116912+
32БЮТИ АРТ ДИ ВЕНТИС 24 ЕООД+
33
:61:2603260326CR1475,12NTRF000057//67029981312630
TC15-TSC0
:NS:191234+
:86:020+15+
20ПО Ф.1100085727 /17.03.2026   +
21И ЛИХВА ЗА ЗАБАВА+
2226032026 12:34+
28+
30+
31BG26STSA93000031962480+
32ЗАВОД ЧЕРВЕНА ЗВЕЗДА ЕООД+
33
:61:2603260326CR1003,38NTRF000058//67009992015481
TC14-TSC74
:NS:191236+
:86:020+14+
20Ф.1100102506,1100105652       +
21                              +
2226032026 12:36+
28ISI2603260011632+
30+
31BG69UNCR70001519756028+
32СЕМЕЛА ГРУП ООД+
33
:61:2603260326CR5045,35NTRF000059//67029981312881
TC15-TSC0
:NS:191238+
:86:020+15+
20Ф-РА 1100104073/19.03.2026+
21+
2226032026 12:38+
28+
30+
31BG46STSA93000022454471+
32СВЕТА ГОРА-ВЕЛИКО ТЪРНОВО О+
33ОД
:61:2603260326CR811,96NTRF000060//67009992015998
TC14-TSC74
:NS:191246+
:86:020+14+
20ФАКТУРА 1100104227 19.03.2026 +
21КЛИЕНТСКИ НОМЕР 6000020649    +
2226032026 12:46+
28ISI2603260012093+
30+
31BG55UNCR70001523260114+
32МОНТЕХ 2010 ООД+
33
:61:2603260326CR8665,73NTRF000061//67009992016048
TC14-TSC74
:NS:191247+
:86:020+14+
201100102501                    +
21                              +
2226032026 12:47+
28ISI2603260012143+
30+
31BG83UNCR70001500612729+
32ПЛАТЕКС АД+
33
:61:2603260326CR230,45NTRF000062//67009992016484
TC14-TSC74
:NS:191256+
:86:020+14+
20ПЛАЩАНЕ ПО Ф-РА 1100091081/17.+
2103.26                         +
2226032026 12:56+
28ISI2603260012466+
30+
31BG95FINV91501017711164+
32MULTI TREYDMARK EOOD+
33
:61:2603260326CR706,68NTRF000063//297297009918026
TC14-TSC74
:NS:191259+
:86:020+14+
20KL.6000018911+
21+
2226032026 12:59+
28+
30+
31BG96IORT73771004893800+
32KOSTOVI EOOD+
33
:61:2603260326CR194360,42NTRF000064//297297009918049
TC14-TSC74
:NS:191259+
:86:020+14+
20CLEAR 24.03.2026 0194360.42 00+
211384+
2226032026 12:59+
28+
30+
31BG49ESPY40040025464672+
32EasyPay+
33
:61:2603260326CR11303,41NTRF000065//297297009918308
TC14-TSC74
:NS:191259+
:86:020+14+
20кл.н.6000025179, д.и.110010371+
210/19.03.2026, ф.110105934/20.0+
2226032026 12:59+
28+
30+
31BG51CECB979010C9481200+
32АЗАЛИЯ 1 ЕАД+
33
:61:2603260326CR19257,91NTRF000066//297297009918771
TC14-TSC74
:NS:191259+
:86:020+14+
20ПО Ф. 1100103595 19.03.2026+
21+
2226032026 12:59+
28+
30+
31BG74UNCR75271040016712+
32ВСЕСТРАННА КООПЕРАЦИЯ - ВЕЛ+
33ИКО ТЪРН
:61:2603260326CR1366,73NTRF000067//297297009919283
TC14-TSC37
:NS:191259+
:86:020+14+
20ПО Ф-РА 1100086528/17.03.2026 +
21Г.+
2200SLEV 000 922074 26032026 12:59+
28+
30+
31BG38UBBS81553100001109+
329-TO ОСНОВНО УЧИЛИЩЕ П.ВОЛО+
33В
:61:2603260326CR3076,37NTRF000068//297297009919435
TC14-TSC74
:NS:191259+
:86:020+14+
20Ф-РИ 1100103788 И1100103788/19+
21.03.2026+
2226032026 12:59+
28+
30+
31BG26UBBS80021006408740+
32ДЕНИМЕС ЕООД+
33
:61:2603260326CR934,30NTRF000069//297297009920714
TC14-TSC37
:NS:191259+
:86:020+14+
201100085421/17.03.2026         +
21                              +
2200SLEV 000 922028 26032026 12:59+
28СУ Д-Р ПЕТЪР БЕРОН С.ХИТРИНО+
30+
31BG47DEMI92403100025816+
32СУ Д-Р ПЕТЪР БЕРОН С.ХИТРИН+
33О
:61:2603260326CR285,00NTRF000070//67009992016895
TC14-TSC74
:NS:191303+
:86:020+14+
20ПРЕВОД КИ 6000024515          +
21                              +
2226032026 13:03+
28ISI2603260012718+
30+
31BG88UBBS81551015564105+
32АВТО АКЦЕНТ ООД+
33
:61:2603260326CR196,92NTRF000071//67029981315441
TC15-TSC0
:NS:191340+
:86:020+15+
20Ф 1100105762, ДИ 1100103597   +
21КЛ. 6000007812+
2226032026 13:40+
28+
30+
31BG70STSA93001506047699+
32ХСИ ИНВЕСТ АД+
33
:61:2603260326CR382,85NTRF000072//67009992019832
TC14-TSC74
:NS:191347+
:86:020+14+
20Ф. 1100085306.17.03.2026 Г. 60+
2100048839                      +
2226032026 13:47+
28ISI2603260014510+
30+
31BG72UBBS81411010057710+
32СТЕНД-ВАСИЛЕВ ДИМИТРОВА И В+
33АСИЛЕВА
:61:2603260326CR12642,48NTRF000073//67029981316087
TC15-TSC0
:NS:191352+
:86:020+15+
20Ф 1100105989, ДИ 1100103575   +
21КЛ. 6000000277+
2226032026 13:52+
28+
30+
31BG48STSA93001506023360+
32ХЛЕБНИ СЛАДКАРСКИ ИЗДЕЛИЯ Е+
33ООД
:61:2603260326CR763,71NTRF000074//297297009922596
TC14-TSC74
:NS:191359+
:86:020+14+
201100103585 19032026  110010358+
216 19 OPNAT J+
2226032026 13:59+
28+
30+
31BG66UNCR76301451666714+
32АГРОПОЛИХИМ АД+
33
:61:2603260326CR17592,64NTRF000075//297297009923758
TC14-TSC74
:NS:191359+
:86:020+14+
201100089350 1100105340 11001021+
2155+
2226032026 13:59+
28+
30+
31BG89UNCR70001521087478+
32ОРГАХИМ РЕЗИНС ЕАД+
33
:61:2603260326CR117,24NTRF000076//67009992020831
TC14-TSC74
:NS:191401+
:86:020+14+
20ПО Ф-РА 1100081506            +
21                              +
2226032026 14:01+
28ISI2603260015208+
30+
31BG16UNCR70001522468229+
32ИТА -ГРУП 2014 ЕООД+
33
:61:2603260326CR59,68NTRF000077//67009992020867
TC14-TSC74
:NS:191401+
:86:020+14+
20ФАКТУРА 1100083682 17.03.2026 +
21КЛ. НОМЕР 6000021080 ЕЛ.ЕНЕРГ?+
2226032026 14:01+
28ISW2603260004696+
30+
31BG15FINV91503115927170+
32OU VASIL LEVSKI S. MIROVTSI+
33
:61:2603260326CR194,00NTRF000078//67009992020922
TC14-TSC74
:NS:191402+
:86:020+14+
20КЛ.НОМЕР 6000008031           +
21                              +
2226032026 14:02+
28ISI2603260015267+
30+
31BG24CECB979010B3434200+
32НАРОДНО ЧИТАЛИЩЕ Н.Й.ВАПЦАР+
33ОВ - 190
:61:2603260326CR513,12NTRF000079//67009992021123
TC14-TSC74
:NS:191404+
:86:020+14+
20ЕЛ.ЕНЕРГ?Я Ф РА 1100081815 17.+
2103.2026Г                      +
2226032026 14:04+
28ISW2603260004771+
30+
31BG12FINV91503116833301+
32KMETSTVO SELO ZLATNA NIVA+
33
:61:2603260326CR13,00NTRF000080//67009992021254
TC14-TSC74
:NS:191406+
:86:020+14+
20КЛ. НОМЕР 6000007992 /17.03.20+
2126 Г.                         +
2226032026 14:06+
28ISI2603260015450+
30+
31BG65CECB979010B3545400+
32НАРОДНО ЧИТАЛИЩЕ ХРИСТО БОТ+
33ЕВ - 192
:61:2603260326CR21,55NTRF000081//67009992022160
TC14-TSC74
:NS:191422+
:86:020+14+
20ПО ФАКТУРА 1100089159/17.03.26+
21                              +
2226032026 14:22+
28ISI2603260016048+
30+
31BG61CECB979010J3262400+
32ЗП ЗЕЙТИ МЮМЮН БЕКИР+
33
:61:2603260326CR78,38NTRF000082//67041131000014
TC15-TSC0
:NS:191428+
:86:020+15+
20Ф1100083287/17.03.2026        +
21КЛ 6000016542                 +
220000000000 0000000000 26032026 14:28+
28                 000123355+
30+
31BG57STSA93003193900701+
32НУ ОТ ПАИСИЙ СУШИЦА+
33
:61:2603260326CR76,87NTRF000083//67009992022452
TC14-TSC74
:NS:191429+
:86:020+14+
20Ф.1100079745 17.03.26         +
21                              +
2226032026 14:29+
28ISI2603260016318+
30+
31BG02BPBI81701602090542+
32EVROFORUM-PLAMEN ATANASOV+
33
:61:2603260326CR1988,04NTRF000084//67009992022517
TC14-TSC74
:NS:191430+
:86:020+14+
20Ф-РА 1100103836. 19.03.2026 Г.+
21                              +
2226032026 14:30+
28ISI2603260016382+
30+
31BG03UBBS80021026162040+
32КОСМОС ШИПИНГ АД+
33
:61:2603260326CR5239,28NTRF000085//67009992022557
TC14-TSC74
:NS:191431+
:86:020+14+
20Ф-РА 1100103805. 19.03.2026 Г.+
21                              +
2226032026 14:31+
28ISI2603260016422+
30+
31BG72UBBS80021047751640+
32КОСМОС ЕНЕРДЖИ ЕООД+
33
:61:2603260326CR180,58NTRF000086//67029981318786
TC15-TSC0
:NS:191437+
:86:020+15+
20Ф-РА 1100082555/ 17.03.2026   +
21КЛ НОМ 6000034098+
2226032026 14:37+
28+
30+
31BG80STSA93001526136510+
32МАРСТАР ЕООД+
33
:61:2603260326CR73,03NTRF000087//67029981318788
TC15-TSC0
:NS:191437+
:86:020+15+
20Ф-РА 1100103802/ 19.03.2026 Г.+
21+
2226032026 14:37+
28+
30+
31BG98STSA93001525802215+
32КОСМОС ЛОДЖИСТИК ООД+
33
:61:2603260326CR562,19NTRF000088//67009992023781
TC14-TSC74
:NS:191459+
:86:020+14+
20ПО ФАКТУРИ                    +
21                              +
2226032026 14:59+
28ISI2603260017569+
30+
31BG54UBBS80021071893130+
32Ж И К-МИЛК ЕООД+
33
:61:2603260326CR55,70NTRF000089//297297009924272
TC14-TSC74
:NS:191500+
:86:020+14+
20ПО Ф 1100084311  17.03.2026 ЕН+
21ЕРГИЙНИ УСЛУГИ+
2226032026 15:00+
28+
30+
31BG88UNCR70001523576031+
32КООПЕРАЦИЯ РПК НАПРЕД+
33
:61:2603260326CR50,92NTRF000090//297297009926148
TC14-TSC74
:NS:191500+
:86:020+14+
20Ф 1100104279 по кл.ном. 600002+
218654+
2226032026 15:00+
28+
30+
31BG14BUIN95611000645758+
32DELTA ASSET MANAGEMENT LTD+
33
:61:2603260326CR351,58NTRF000091//67029981321374
TC15-TSC0
:NS:191526+
:86:020+15+
20Ф.1100103342/19,03,2026       +
2160000574240018+
2226032026 15:26+
28+
30+
31BG25STSA93000000750032+
32СДРУЖЕНИЕ СЪЮЗ НА СЛЕПИТЕ В+
33 БЪЛГАРИ
:61:2603260326CR387,79NTRF000092//67009992024924
TC14-TSC74
:NS:191527+
:86:020+14+
20Ф.1100094796/17.03.2026 Г.    +
21                              +
2226032026 15:27+
28ISI2603260018651+
30+
31BG30BPBI81701730014220+
32ET NIKULDEN - PENKA BOYADZH+
33IEVA
:61:2603260326CR17,99NTRF000093//67029981322086
TC15-TSC0
:NS:191541+
:86:020+15+
20Ф-РА 1100078391+
21+
2226032026 15:41+
28+
30+
31BG95STSA93001527465625+
32СТЕДИ 70 ООД+
33
:61:2603260326CR41,02NTRF000094//67009992025729
TC14-TSC74
:NS:191545+
:86:020+14+
201100086078 17.03.26           +
21                              +
2226032026 15:45+
28ISI2603260019380+
30+
31BG53UNCR76301078434325+
32ФРОМИТ ООД+
33
:61:2603260326CR6451,93NTRF000095//67009992025817
TC14-TSC74
:NS:191547+
:86:020+14+
20ПЛ.ПО Ф-РА 1100103156 ОТ 19.03+
21.2026                         +
2226032026 15:47+
28ISI2603260019442+
30+
31BG90UBBS80021088842650+
32КВИНС-АРГО ЕООД+
33
:61:2603260326CR130,55NTRF000096//67009992025828
TC14-TSC74
:NS:191547+
:86:020+14+
20ПО Ф-РА 1100099193.17.03.2026Г+
21. ЕЛ.ЕНЕРГИЯ                  +
2226032026 15:47+
28ISI2603260019453+
30+
31BG92UBBS85011012894905+
32КРАЛЕВСКИ СЕДАТ АЛИЕВ ЕТ+
33
:61:2603260326CR67,22NTRF000097//67009992025991
TC14-TSC74
:NS:191550+
:86:020+14+
20ДИ1100102493 19.03.26         +
21                              +
2226032026 15:50+
28ISI2603260019580+
30+
31BG79UNCR70001521412899+
32ХАЙ ТЕК СЕРВИЗ ООД+
33
:61:2603260326CR13845,58NTRF000098//67009992026391
TC14-TSC74
:NS:191556+
:86:020+14+
20ПРЕВОД Ф1100102896            +
21                              +
2226032026 15:56+
28ISI2603260019826+
30+
31BG90UBBS80021020389750+
32ГЕРАН 99 ЕООД+
33
:61:2603260326CR14487,58NTRF000099//297297009926833
TC14-TSC74
:NS:191559+
:86:020+14+
20фактура 1100102159 кн:60000232+
2196+
2226032026 15:59+
28+
30+
31BG63UNCR70001524218912+
32ДЕВОРЕКС ЕАД+
33
:61:2603260326CR568,87NTRF000100//297297009927306
TC14-TSC74
:NS:191559+
:86:020+14+
20P000033207 1100103053+
21+
2226032026 15:59+
28+
30+
31BG04BPBI79421072400004+
32Orbico Bulgaria EOOD+
33
:61:2603260326CR9041,89NTRF000101//297297009930550
TC14-TSC74
:NS:191559+
:86:020+14+
201100102364 1100105665 EUR 2455+
21.32 EUR 6586.57 2026-03-25 202+
2226032026 15:59+
28+
30+
31BG63UNCR96601021951000+
32ФЬОСТАЛПИНЕ РЕЙЛУЕЙ СИСТЕМС+
33 БЪЛГАРИ
:61:2603260326CR14694,80NTRF000102//67029970003274
TC15-TSC0
:NS:191609+
:86:020+15+
20Ф 1100105645,1100102371       +
21/+
2226032026 16:09+
28+
30+
31BG27STSA93000021600534+
32КАРМЕЛА 2000 ООД+
33
:61:2603260326DR0,20NTRF000103//67029981324441
TC51-TSC20
:NS:191624+
:86:020+51+
20ТАКСА ЗА ИЗХОДЯЩ ПРЕВОД       +
21BISERA7                       +
22FECPR20003 26032026 16:24+
2820260326029981324441+
30+
31+
32ENERGO PRO ENERGY SERVICES +
33EAD
:61:2603260326DR500000,00NTRF000104//67029981324441
TC64-TSC73
:NS:191624+
:86:020+64+
20ПРЕХВЪРЛЯНЕ НА СРЕДСТВА+
21+
2226032026 16:24+
28+
30+
31BG86UBBS81551008684513+
32ЕНЕРГО ПРО ЕНЕРГИЙНИ УСЛУГИ+
33 ЕАД
:61:2603260326DR0,20NTRF000105//67029981324445
TC51-TSC20
:NS:191624+
:86:020+51+
20ТАКСА ЗА ИЗХОДЯЩ ПРЕВОД       +
21BISERA7                       +
22FECPR20003 26032026 16:24+
2820260326029981324445+
30+
31+
32ENERGO PRO ENERGY SERVICES +
33EAD
:61:2603260326DR75000,00NTRF000106//67029981324445
TC64-TSC73
:NS:191624+
:86:020+64+
20ПРЕХВ. НА СРЕДСТВА+
21+
2226032026 16:24+
28+
30+
31BG92UNCR70001523788098+
32ЕНЕРГО ПРО ЕНЕРГИЙНИ УСЛУГИ+
33
:61:2603260326DR0,20NTRF000107//67029981324446
TC51-TSC20
:NS:191624+
:86:020+51+
20ТАКСА ЗА ИЗХОДЯЩ ПРЕВОД       +
21BISERA7                       +
22FECPR20003 26032026 16:24+
2820260326029981324446+
30+
31+
32ENERGO PRO ENERGY SERVICES +
33EAD
:61:2603260326DR0,20NTRF000108//67029981324447
TC51-TSC20
:NS:191624+
:86:020+51+
20ТАКСА ЗА ИЗХОДЯЩ ПРЕВОД       +
21BISERA7                       +
22FECPR20003 26032026 16:24+
2820260326029981324447+
30+
31+
32ENERGO PRO ENERGY SERVICES +
33EAD
:61:2603260326DR0,20NTRF000109//67029981324448
TC51-TSC20
:NS:191624+
:86:020+51+
20ТАКСА ЗА ИЗХОДЯЩ ПРЕВОД       +
21BISERA7                       +
22FECPR20003 26032026 16:24+
2820260326029981324448+
30+
31+
32ENERGO PRO ENERGY SERVICES +
33EAD
:61:2603260326DR0,20NTRF000110//67029981324449
TC51-TSC20
:NS:191624+
:86:020+51+
20ТАКСА ЗА ИЗХОДЯЩ ПРЕВОД       +
21BISERA7                       +
22FECPR20003 26032026 16:24+
2820260326029981324449+
30+
31+
32ENERGO PRO ENERGY SERVICES +
33EAD
:61:2603260326DR200000,00NTRF000111//67029981324446
TC64-TSC73
:NS:191624+
:86:020+64+
20ПРЕХВЪРЛЯНЕ НА СРЕДСТВА+
21+
2226032026 16:24+
28+
30+
31BG86UBBS81551008684513+
32ЕНЕРГО ПРО ЕНЕРГИЙНИ УСЛУГИ+
33 ЕАД
:61:2603260326DR500001,00NTRF000112//67029981324449
TC64-TSC73
:NS:191624+
:86:020+64+
20ПРЕХВЪРЛЯНЕ НА СРЕДСТВА+
21+
2226032026 16:24+
28+
30+
31BG86UBBS81551008684513+
32ЕНЕРГО ПРО ЕНЕРГИЙНИ УСЛУГИ+
33 ЕАД
:61:2603260326DR500002,00NTRF000113//67029981324447
TC64-TSC73
:NS:191624+
:86:020+64+
20ПРЕХВЪРЛЯНЕ НА СРЕДСТВА+
21+
2226032026 16:24+
28+
30+
31BG86UBBS81551008684513+
32ЕНЕРГО ПРО ЕНЕРГИЙНИ УСЛУГИ+
33 ЕАД
:61:2603260326DR500003,00NTRF000114//67029981324448
TC64-TSC73
:NS:191624+
:86:020+64+
20ПРЕХВЪРЛЯНЕ НА СРЕДСТВА+
21+
2226032026 16:24+
28+
30+
31BG86UBBS81551008684513+
32ЕНЕРГО ПРО ЕНЕРГИЙНИ УСЛУГИ+
33 ЕАД
:61:2603260326CR1337,06NTRF000115//67009992029218
TC14-TSC74
:NS:191640+
:86:020+14+
20ЕЛ.ЕНЕРГИЯ                    +
21                              +
2226032026 16:40+
28ISW2603260006468+
30+
31BG20FINV91503116833254+
32KMETSTVO PLISKA+
33
:61:2603260326CR232,00NTRF000116//67009992029664
TC14-TSC74
:NS:191647+
:86:020+14+
20ПЛАЩАНЕ ПО Ф.1100091384 ОТ 17.+
2103.26                         +
2226032026 16:47+
28ISI2603260021695+
30+
31BG38UBBS81551012735903+
32ДИИМСОФ-ТОНИ ЕООД+
33
:61:2603260326CR31353,59NTRF000117//297297009931619
TC14-TSC74
:NS:191650+
:86:020+14+
20ф1100102122,11001034+
21+
2226032026 16:50+
28+
30+
31BG29UNCR75271040033915+
32ЧЕХ-ЙОСИФ НОВОСАД ООД+
33
:61:2603260326CR211,48NTRF000118//297297009933034
TC14-TSC74
:NS:191650+
:86:020+14+
20Ф.1100100166 17,03,2026 ЕЛ.ЕНЕ+
21РГИЯ КЛ.НОМЕР 6000004659+
2226032026 16:50+
28+
30+
31BG23CECB979010G4954701+
32МБАЛ КАВАРНА ЕООД+
33
:61:2603260326CR6137,21NTRF000119//297297009933030
TC14-TSC74
:NS:191650+
:86:020+14+
206000022837, междинно+
21+
2226032026 16:50+
28+
30+
31BG76CECB97901009187300+
32ЛАЗУРЕН БРЯГ 91 ЕООД+
33
:61:2603260326CR21791,28NTRF000120//297297009933807
TC14-TSC74
:NS:191650+
:86:020+14+
20436/19.03+
21+
2226032026 16:50+
28+
30+
31BG77BUIN95611000214429+
32YUPPI OOD+
33
:61:2603260326CR8368,04NTRF000121//297297009934121
TC14-TSC74
:NS:191650+
:86:020+14+
20449/19.03+
21+
2226032026 16:50+
28+
30+
31BG40BUIN95611000214416+
32MAKS MARK OOD+
33
:61:2603260326CR4,73NTRF000122//297297009934201
TC14-TSC74
:NS:191650+
:86:020+14+
2063/19.03+
21+
2226032026 16:50+
28+
30+
31BG22BUIN95611000375566+
32EVROBILDING OOD+
33
:61:2603260326CR16,75NTRF000123//297297009934672
TC14-TSC74
:NS:191650+
:86:020+14+
206000022376+
21+
2226032026 16:50+
28+
30+
31BG87DEMI92401000340301+
32МЕТХАН РУЖДИЕВ МУХАРЕМОВ+
33
:61:2603260326CR129,62NTRF000124//297297009934673
TC14-TSC37
:NS:191650+
:86:020+14+
20ЕЛ.ЕНЕРГИЯ Ф-РА N1100083657/17+
21,03,2026 Г.                   +
2200SLEV 000 922494 26032026 16:50+
28ОУ Н.Й.ВАПЦАРОВ С.ЛЯТНО+
30+
31BG03DEMI92403100055126+
32ОУ Н.Й.ВАПЦАРОВ С.ЛЯТНО+
33
:61:2603260326CR210,14NTRF000125//297297009934590
TC14-TSC74
:NS:191650+
:86:020+14+
2051/19.03+
21+
2226032026 16:50+
28+
30+
31BG02BUIN95611000346826+
32VENON-96 EOOD+
33
:61:2603260326CR229,73NTRF000126//297297009934591
TC14-TSC74
:NS:191650+
:86:020+14+
2080/19.03+
21+
2226032026 16:50+
28+
30+
31BG21BUIN95611000490044+
32RAYUVTSI OOD+
33
:61:2603260326CR132,78NTRF000127//67029981106803
TC15-TSC0
:NS:191711+
:86:020+15+
20ПО ФАКТУРА  23.03.26          +
21КЛИЕНТСКИ НОМЕР 1300014867+
2226032026 17:11+
28+
30+
31BG59STSA93000025827218+
32МАРИАНА ИВАНОВА СТЕФАНОВА+
33
:61:2603260326CR18926,27NTRF000128//67009992032221
TC14-TSC74
:NS:191747+
:86:020+14+
20КЛ?ЕНТ.НОМЕР 6000040281 Ф.1100+
21103930                        +
2226032026 17:47+
28ISW2603260007231+
30+
31BG44FINV91501017089924+
32MTS SVETI IVAN RILSKI CHUDO+
33TVORETS
:61:2603260326CR16997,64NTRF000129//67009992032874
TC14-TSC74
:NS:191759+
:86:020+14+
20КЛ.НОМЕР 6000015908 Ф.11001038+
2186                            +
2226032026 17:59+
28ISW2603260007517+
30+
31BG22FINV91501017094491+
32MBAL MK SVETI IVAN RILSKI E+
33OOD KL S
:61:2603260326CR179,05NTRF000130//67009992033121
TC14-TSC74
:NS:191804+
:86:020+14+
201100089569 КЛ.НОМЕР 6000034053+
21                              +
2226032026 18:04+
28ISI2603260024064+
30+
31BG44UBBS81551086823813+
32СТАЛТРЕЙД ЕООД+
33
:61:2603260326CR625,46NTRF000131//67029970004037
TC15-TSC0
:NS:191821+
:86:020+15+
20Ф РИ 1100084558 И 1100084525  +
21/+
2226032026 18:21+
28+
30+
31BG48STSA93000025807628+
32С.А.Н.-ПРО EООД+
33
:61:2603260326CR128,94NTRF000132//67009992034711
TC14-TSC74
:NS:191845+
:86:020+14+
20ФАКТУРА 1100075831.17.03.2026 +
21                              +
2226032026 18:45+
28ISI2603260025188+
30+
31BG69UBBS80021025918740+
32АВТОКОМФОРТ-ТДИ ЕООД+
33
:61:2603260326CR943,93NTRF000133//67009992035444
TC14-TSC74
:NS:191915+
:86:020+14+
20Ф.1100083932 . 17.03.2026     +
21                              +
2226032026 19:15+
28ISI2603260025896+
30+
31BG12UBBS80021027439950+
32ПИРАНИ-2 ЕООД+
33
:61:2603260326CR699,97NTRF000134//67009992036434
TC14-TSC74
:NS:191956+
:86:020+14+
20ДИ 1100102298                 +
21                              +
2226032026 19:56+
28ISI2603260026863+
30+
31BG24BPBI88981029161901+
32SPETSIALIZIRANA BOLNITSA ZA+
33 REHABIL
:61:2603260326CR601,31NTRF000135//297297009940437
TC14-TSC39
:NS:192007+
:86:020+14+
20KN6000003097                  +
21      032026 032026 9         +
2226032026 20:07+
28BNBGBGSF    0180021258+
30+
31BG47BNBG50000180021258+
32КУКЛЕН ТЕАТЪР ТЪРГОВИЩЕ+
33
:61:2603260326CR9,20NTRF000136//67009992037948
TC14-TSC74
:NS:192113+
:86:020+14+
20ТАКСА ОБСЛУЖВАНЕ ОЕКТ ПРОИЗВОД+
21СТВО Ф-РА 1100101623 ОТ ДАТА 1+
2226032026 21:13+
288.03.2026+
30+
31BG68FINV91501017517553+
32PALEZHEV EOOD+
33
:62F:C260326EUR128337,97
:64:C260326EUR128337,97
                                                                                                                                                                                                                                                                                                                                                                                                                                                                                                                                                                                                                                                                                                                                                                                                                                                                                                                                                                                                                                                                                                                                                                                                                                                                                                                                                                                                                                                                                                                                                                                                                                                                                                                                                                                                                                                                                                                                                                                                                                                                                                                                                                                                                                                                                                                                                                                                                                                                                                                                                                                                                                                                                                                                                                                                                                                                                                                                                                                                                                                                                                                                                                                                                                                                                                                                                                                                                                                                                                                                                                                                                                                                                                                                                                                                                                                                                                                                                                                                                                                                                                                                                                                                                                                                                                                                                                                                                                                                                                                                                                                                                                                                                                                                                                                                                                                                                                                                                                                                                                                                                                                                                                                                                                                                                                                                                                                                                                                                                                                                                                                                                                                                                                                                                                                                                                                                                                                                                                                                                                                                                                                                                                                                                                                                                                                                                                                                                                                                                                                                                                                                                                                                                                                                                                                                                                                                                                                                                                                                                                                                                                                                                                                                                                                                                                                                                                                                                                                                                                                                                                                                                                                                                                                                                                                                                                                                                                                                                                                                                                                                                                                                                                                                                                                                                                                                                                                                                                                                                                                                                                                                                                                                                                                                                                                                                                                                                                                                                                                                                                                                                                                                                                                                                                                                                                                                                                                                                                                                                                                                                                                                                                                                                                                                                                                                                                                                                                                                                                                                                                                                                                                                                                                                                                                                                                                                                                                                                                                                                                                                                                                                                                                                                                                                                                                                                                                                                                                                                                                                                                                                                                                                                                                                                                                                                                                                                                                                                                                                                                                                                                                                                                                                                                                                                                                                                                                                                                                                                                                                                                                                                                                                                                                                                                                                                                                                                                                                                                                                                                                                                                                                                                                                                                                                                                                                                                                                                                                                                                                                                                                                                                                                                                                                                                                                                                                                                                                                                                                                                                                                                                                                                                                                                                                                                                                                                                                                                                                                                                                                                                                                                                                                                                                                                                                                                                                                                                                                                                                                                                                                                                                                                                                                                                                                                                                                                                                                                                                                                                                                                                                                                                                                                                                                                                                                                                                                                                                                                                                                                                                                                                                                                                                                                                                                                                                                                                                                                                                                                                                                                                                                                                                                                                                                                                                                                                                                                                                                                                                                                                                                                                                                                                                                                                                                                                                                                                                                                                                                                                                                                                                                                                                                                                                                                                                                                                                                                                                                                                                                                                                                                                                                                                                                                                                                                                                                                                                                                                                                                                                                                                                                                                                                                                                                                                                                                                                                                                                                                                                                                                                                                                                                                                                                                                                                                                                                                                                                                                                                                                                                                                                                                                                                                                                                                                                                                                                                                                                                                                                                                                                                                                                                                                                                                                                                                                                                                                                                                                                                                                                                                                                                                                                                                                                                                                                                                                                                                                                                                                                                                                                                                                                                                                                                                                                                                                                                                                                                                                                                                                                                                                                                                                                                                                                                                                                                                                                                                                                                                                                                                                                                                                                                                                                                                                                                                                                                                                                                                                                                                                                                                                                                                                                                                                                                                                                                                                                                                                                                                                                                                                                                                                                                                                                                                                                                                                                                                                                                                                                                                                                                                                                                                                                                                                                                                                                                                                                                                                                                                                                                                                                                                                                                                                                                                                                                                                                                                                                                                                                                                                                                                                                                                                                                                                                                                                                                                                                                                                                                                                                                                                                                                                                                                                                                                                                                                                                                                                                                                                                                                                                                                                                                                                                                                                                                                                                                                                                                                                                                                                                                                                                                                                                                                                                                                                                                                                                                                                                                                                                                                                                                                                                                                                                                                                                                                                                                                                                                                                                                                                                                                                                                                                                                                                                                                                                                                                                                                                                                                                                                                                                                                                                                                                                                                                                                                                                                                                                                                                                                                                                                                                                                                                                                                                                                                                                                                                                                                                                                                                                                                                                                                                                                                                                                                                                                                                                                                                                                                                                                                                                                                                                                                                                                                                                                                                                                                                                                                                                                                                                                                                                                                                                                                                                                                                                                                                                                                                                                                                                                                                                                                                                                                                                                                                                                                                                                                                                                                                                                                                                                                                                                                                                                                                                                                                                                                                                                                                                                                                                                                                                                                                                                                                                                                                                                                                                                                                                                                                                                                                                                                                                                                                                                                                                                                                                                                                                                                                                                                                                                                                                                                                                                                                                                                                                                                                                                                                                                                                                                                                                                                                                                                                                                                                                                                                                                                                                                                                                                                                                                                                                                                                                                                                                                                                                                                                                                                                                                                                                                                                                                                                                                                                                                                                                                                                                                                                                                                                                                                                                                                                                                                                                                                                                                                                                                                                                                                                                                                                                                                                                                                                                                                                                                                                                                                                                                                                                                                                                                                                                                                                                                                                                                                                                                                                                                                                                                                                                                                                                                                                                                                                                                                                                                                                                                                                                                                                                                                                                                                                                                                                                                                                                                                                                                                                                                                                                                                                                                                                                                                                                                                                                                                                                                                                                                                                                                                                                                                                                                                                                                                      