:20:20260429-21866917
:25:BG42STSA93000021866917
:28C:082/01
:60F:C260429EUR7403,88
:61:2604290429CR26355,52NTRF000001//67029981300111
TC15-TSC0
:NS:190327+
:86:020+15+
20Ф. 1100138512+
21+
2229042026 03:27+
28+
30+
31BG42STSA93000005500883+
32ТИМС ФУУДС ЕООД+
33
:61:2604290429CR7,25NTRF000002//67029981100460
TC15-TSC0
:NS:190629+
:86:020+15+
201100113146 ОТ ДАТА 15.04.2026 +
21МРЕЖОВИ УСЛУГИ ФЕЦ+
2229042026 06:29+
28+
30+
31BG74STSA93000010562252+
32СВЕТОСЛАВ АРТЮНОВ КЕРЕМЯНОВ+
33
:61:2604290429CR101,65NTRF000003//67009992004162
TC14-TSC74
:NS:190902+
:86:020+14+
201100111102/110011115/110011113+
213                             +
2229042026 09:02+
28ISI2904260003038+
30+
31BG23BPBI79281064955501+
32RPK STRATESH+
33
:61:2604290429CR12186,59NTRF000004//297297009900706
TC14-TSC74
:NS:190905+
:86:020+14+
20Плащания до 27.04.2026 23:59:5+
219+
2229042026 09:05+
28+
30+
31BG20ESPY40040011131892+
32Ипей АД+
33
:61:2604290429CR0,66NTRF000005//297297009901683
TC14-TSC74
:NS:190905+
:86:020+14+
20Известие ЕЛС4000018517 28.4.20+
2126+
2229042026 09:05+
28+
30+
31BG48UNCR70001520997424+
32РВС ИНЖЕНЕРИНГ ООД+
33
:61:2604290429CR75,15NTRF000006//67009992004417
TC14-TSC74
:NS:190909+
:86:020+14+
20ЕЛЕКТРОЕНЕРГИЯ М. 03.2026 Ф-РА+
21 11000123239/15.04.2026Г      +
2229042026 09:09+
28ISI2904260003276+
30+
31BG46FINV91501217072460+
32NCH HRISTO BOTEV 1892+
33
:61:2604290429CR2653,43NTRF000007//67009992004613
TC14-TSC74
:NS:190914+
:86:020+14+
20Ф-РА1100138568.20.04.         +
21                              +
2229042026 09:14+
28ISI2904260003454+
30+
31BG16UBBS81551088674010+
32ФУЛМАКС.21 АД+
33
:61:2604290429CR2484,43NTRF000008//67009992004807
TC14-TSC74
:NS:190918+
:86:020+14+
20ДИ 1100111348.15.04.          +
21                              +
2229042026 09:18+
28ISI2904260003647+
30+
31BG16UBBS81551088674010+
32ФУЛМАКС.21 АД+
33
:61:2604290429CR40,66NTRF000009//67009992005365
TC14-TSC74
:NS:190933+
:86:020+14+
20Ф1100126430.15.04.2026        +
21                              +
2229042026 09:33+
28ISI2904260004173+
30+
31BG46UBBS81411010199313+
32СИМ МИНКА ИВАНОВА ЕТ+
33
:61:2604290429CR190,76NTRF000010//297297009906450
TC14-TSC37
:NS:191002+
:86:020+14+
20Ф-РА 1100121650/15.04.2026КЛ.6+
21000018899 ИСТОРИЧЕСКИ МУЗЕЙ   +
2200SLEV 175 855548 29042026 10:02+
28ИСТОРИЧЕСКИ МУЗЕЙ-ПРОВАДИЯ+
30+
31BG06IORT80483195311400+
32ИСТОРИЧЕСКИ МУЗЕЙ-ПРОВАДИЯ+
33
:61:2604290429DR1420,00NTRF000011//67029980003486
TC65-TSC0
:NS:191049+
:86:020+65+
20ПРЕХВЪРЛЯНЕ НА СРЕДСТВА+
21+
2229042026 10:49+
28+
30+
31BG04STSA93000021866922+
32ЕНЕРГО-ПРО ЕНЕРГИЙНИ УСЛУГИ+
33 ЕАД
:61:2604290429CR1733,81NTRF000012//67009992010486
TC14-TSC74
:NS:191049+
:86:020+14+
20Ф. 1100124861 ОТ 15.04.2026Г. +
21                              +
2229042026 10:49+
28ISW2904260001877+
30+
31BG05FINV91503116723041+
32СУ ВАС?Л ЛЕВСК? ДОЛН? Ч?ФЛ?+
33К
:61:2604290429CR34,48NTRF000013//67041054100003
TC15-TSC0
:NS:191130+
:86:020+15+
20ЕНЕРГО-ПРО ЕНЕРГИЙНИ УСЛУГИ ЕА+
21Ф.1100122992/140426           +
2229042026 11:30+
28КЛ.6000011964+
30+
31BG53STSA93000007131837+
32ЧИТАЛИЩЕ ВЪЗРАЖДАНЕ - Б.СЛИ+
33ВОВО
:61:2604290429CR133,26NTRF000014//67029981311693
TC15-TSC0
:NS:191151+
:86:020+15+
20Ф-РА 1100122742               +
21ОТ 15.04.2026Г.+
2229042026 11:51+
28+
30+
31BG25STSA93000027590223+
32НАУКА 1922 НЧ+
33
:61:2604290429CR1592,19NTRF000015//67009992016759
TC14-TSC74
:NS:191233+
:86:020+14+
20Ф.1100116244;1100116244;400001+
217245 Ф.4000017254; КЛ.НОМЕР 60+
2229042026 12:33+
2800001589+
30+
31BG16FINV915010UB254426+
32BETA INVEST+
33
:61:2604290429CR1833,86NTRF000016//67009992103588
TC14-TSC72
:NS:191245+
:86:020+14+
20/INV/1100110254               +
21                              +
2229042026 12:45+
28IT22904260000193+
30+
31+
32H M FINANCE AB+
33
:61:2604290429CR206827,37NTRF000017//297297009922637
TC14-TSC74
:NS:191302+
:86:020+14+
20CLEAR 27.04.2026 0206827.37 00+
211204+
2229042026 13:02+
28+
30+
31BG49ESPY40040025464672+
32EasyPay+
33
:61:2604290429CR361,76NTRF000018//297297009923772
TC14-TSC74
:NS:191302+
:86:020+14+
20ПО Ф/РА 1100135358/16.04.2026+
21+
2229042026 13:02+
28+
30+
31BG14BGUS91601000751101+
32ЗИТА РУСЕ СОЛАР ООД+
33
:61:2604290429CR157,44NTRF000019//297297009925265
TC14-TSC74
:NS:191302+
:86:020+14+
20Ел енергия по ф-1100112742/15.+
2104.2026+
2229042026 13:02+
28+
30+
31BG27SOMB91301036773701+
32НЧ ПРОСВЕТА-1940Г. С.ЦАРЕВЕ+
33Ц
:61:2604290429CR98,77NTRF000020//67009992019952
TC14-TSC74
:NS:191320+
:86:020+14+
201100119637 15.04.26Г.         +
21                              +
2229042026 13:20+
28ISI2904260014932+
30+
31BG78UBBS80021076166130+
32ДРАГИЕВИ 2012 ООД+
33
:61:2604290429CR72,87NTRF000021//67029983810056
TC15-TSC0
:NS:191331+
:86:020+15+
206000038825 ПЛАЩАНЕ НА ЕЛ.УСЛУГ+
21+
2229042026 13:31+
28+
30+
31BG03STSA93000019583754+
32DARENA STEFANOVA GOCHEVA+
33
:61:2604290429CR1503,46NTRF000022//67009992021180
TC14-TSC74
:NS:191345+
:86:020+14+
20ЕЛ.ЕНЕРГИЯ Ф-РА 1100138360.16.+
2104.26                         +
2229042026 13:45+
28ISI2904260016112+
30+
31BG78UBBS80021034432850+
32СВЕЖЕСТ ООД+
33
:61:2604290429CR504,10NTRF000023//67009992022389
TC14-TSC74
:NS:191355+
:86:020+14+
20Ф 1100123393 15,04,2026       +
21                              +
2229042026 13:55+
28ISW2904260004697+
30+
31BG76FINV91503116723606+
32ОУ ХР?СТО СМ?РНЕНСК? ГРОЗДЬ+
33ОВО
:61:2604290429CR40,30NTRF000024//67029981320337
TC15-TSC0
:NS:191437+
:86:020+15+
20Ф-РА 1100112638/15.04.2026    +
21ЕЛ.ЕНЕРГИЯ ЗА М.МАРТ 2026+
2229042026 14:37+
28+
30+
31BG12STSA93000000877918+
32НЧ ПРОСВЕТА-1895 ТОПЧИИ+
33
:61:2604290429CR289,12NTRF000025//67009992027213
TC14-TSC74
:NS:191456+
:86:020+14+
20Ф-РА 1100126828 КЛН 6000024760+
21                              +
2229042026 14:56+
28ISI2904260019205+
30+
31BG81PRCB92301033098018+
32ЛР ПЛЮС ЕООД+
33
:61:2604290429CR14,82NTRF000026//297297009935277
TC14-TSC74
:NS:191506+
:86:020+14+
20Лихва ЕЛС4000018083 - 23.04.20+
2126+
2229042026 15:06+
28+
30+
31BG84BPBI99201401010101+
32Eurobank Bulgaria AD+
33
:61:2604290429CR17,88NTRF000027//297297009935278
TC14-TSC74
:NS:191506+
:86:020+14+
20Лихва ЕЛС4000018060 - 23.04.20+
2126+
2229042026 15:06+
28+
30+
31BG84BPBI99201401010101+
32Eurobank Bulgaria AD+
33
:61:2604290429CR107,14NTRF000028//297297009943760
TC14-TSC74
:NS:191651+
:86:020+14+
20клиент  N:6000029634+
21+
2229042026 16:51+
28+
30+
31BG17IABG74941002474400+
32СОНИ СОЛАР ЕООД+
33
:61:2604290429CR110,44NTRF000029//297297009946109
TC14-TSC74
:NS:191651+
:86:020+14+
20ф-ра 1100122391/ 15.04.2026 кл+
21.номер: 6000014423+
2229042026 16:51+
28+
30+
31BG49SOMB91301070671701+
32МЕДИЦИНСКИ ЦЕНТЪР СПОРТМЕД +
33ЕОО
:61:2604290429DR0,20NTRF000030//67029981327534
TC51-TSC20
:NS:191654+
:86:020+51+
20ТАКСА ЗА ИЗХОДЯЩ ПРЕВОД       +
21BISERA7                       +
22FECPR20003 29042026 16:54+
2820260429029981327534+
30+
31+
32ENERGO PRO ENERGY SERVICES +
33EAD
:61:2604290429DR260000,00NTRF000031//67029981327534
TC64-TSC73
:NS:191654+
:86:020+64+
20ПРЕХВЪРЛЯНЕ НА СРЕДСТВА+
21+
2229042026 16:54+
28+
30+
31BG86UBBS81551008684513+
32ЕНЕРГО ПРО ЕНЕРГИЙНИ УСЛУГИ+
33 ЕАД
:61:2604290429CR117,70NTRF000032//67029981331850
TC15-TSC0
:NS:192000+
:86:020+15+
20Ф. 1100124769/15.4.26Г.  И    +
210.15 Л-ВА  КЛ. НОМ  6000018446+
2229042026 20:00+
28+
30+
31BG89STSA93000031265177+
32СТРИНАВА ООД+
33
:62F:C260429EUR5630,55
:64:C260429EUR5630,55
                                                                                                                                                                                                                                                                                                                                                                                           